@book{Bourbaki,
  author          = {Grossberg, Rami},
  title           = {A Course on Model Theory},
  subtitle        = {Volume I: Introduction},
  year            = {2025},
  notes           = {To be published by CUP.}
}